
@article{andrieu2010particlea,
  title = {Particle {{Markov}} Chain {{Monte Carlo}} Methods},
  shorttitle = {Particle {{Markov}} Chain {{Monte Carlo}} Methods},
  author = {Andrieu, Christophe and Doucet, Arnaud and Holenstein, Roman},
  date = {2010-06},
  journaltitle = {Journal of the Royal Statistical Society: Series B (Statistical Methodology)},
  volume = {72},
  pages = {269--342},
  doi = {10.1111/j.1467-9868.2009.00736.x},
  url = {http://doi.wiley.com/10.1111/j.1467-9868.2009.00736.x},
  urldate = {2019-03-22},
  langid = {english},
  number = {3}
}

@article{bartholomew-biggs2000automatic,
  title = {Automatic Differentiation of Algorithms},
  author = {Bartholomew-Biggs, Michael and Brown, Steven and Christianson, Bruce and Dixon, Laurence},
  date = {2000-12-01},
  journaltitle = {Journal of Computational and Applied Mathematics},
  shortjournal = {Journal of Computational and Applied Mathematics},
  volume = {124},
  pages = {171--190},
  doi = {10.1016/S0377-0427(00)00422-2},
  url = {http://www.sciencedirect.com/science/article/pii/S0377042700004222},
  urldate = {2019-04-22},
  number = {1},
  series = {Numerical {{Analysis}} 2000. {{Vol}}. {{IV}}: {{Optimization}} and {{Nonlinear Equations}}}
}

@article{baydin2018automatic,
  ids = {baydinautomatic},
  title = {Automatic Differentiation in Machine Learning: A Survey},
  author = {Baydin, Atılım Güneş and Pearlmutter, Barak A. and Radul, Alexey Andreyevich and Siskind, Jeffrey Mark},
  date = {2018},
  journaltitle = {Journal of Machine Learning Research},
  volume = {18},
  pages = {1--43},
  url = {http://jmlr.org/papers/v18/17-468.html},
  number = {153}
}

@article{baydin2019etalumis,
  title = {Etalumis: {{Bringing Probabilistic Programming}} to {{Scientific Simulators}} at {{Scale}}},
  shorttitle = {Etalumis},
  author = {Baydin, Atılım Güneş and Shao, Lei and Bhimji, Wahid and Heinrich, Lukas and Meadows, Lawrence and Liu, Jialin and Munk, Andreas and Naderiparizi, Saeid and Gram-Hansen, Bradley and Louppe, Gilles and Ma, Mingfei and Zhao, Xiaohui and Torr, Philip and Lee, Victor and Cranmer, Kyle and Prabhat and Wood, Frank},
  date = {2019-08-27},
  url = {http://arxiv.org/abs/1907.03382},
  urldate = {2019-11-17},
  archivePrefix = {arXiv},
  eprint = {1907.03382},
  eprinttype = {arxiv},
  primaryClass = {cs, stat}
}

@article{bezanson2017julia,
  title = {Julia: {{A Fresh Approach}} to {{Numerical Computing}}},
  shorttitle = {Julia},
  author = {Bezanson, Jeff and Edelman, Alan and Karpinski, Stefan and Shah, Viral B.},
  date = {2017-01-01},
  journaltitle = {SIAM Review},
  shortjournal = {SIAM Rev.},
  volume = {59},
  pages = {65--98},
  doi = {10.1137/141000671},
  url = {https://epubs.siam.org/doi/10.1137/141000671},
  urldate = {2019-10-02},
  number = {1}
}

@article{bhat2012type,
  title = {A Type Theory for Probability Density Functions},
  author = {Bhat, Sooraj and Agarwal, Ashish and Vuduc, Richard and Gray, Alexander},
  date = {2012},
  journaltitle = {ACM SIGPLAN Notices},
  volume = {47},
  pages = {545--556},
  number = {1}
}

@article{bianucci2000application,
  title = {Application of {{Cascade Correlation Networks}} for {{Structures}} to {{Chemistry}}},
  author = {Bianucci, Anna Maria and Micheli, Alessio and Sperduti, Alessandro and Starita, Antonina},
  date = {2000},
  journaltitle = {Applied Intelligence},
  shortjournal = {Applied Intelligence},
  volume = {12},
  pages = {117--147},
  doi = {10.1023/A:1008368105614},
  langid = {english},
  number = {1}
}

@article{bingham2018pyro,
  title = {Pyro: {{Deep Universal Probabilistic Programming}}},
  shorttitle = {Pyro},
  author = {Bingham, Eli and Chen, Jonathan P. and Jankowiak, Martin and Obermeyer, Fritz and Pradhan, Neeraj and Karaletsos, Theofanis and Singh, Rohit and Szerlip, Paul and Horsfall, Paul and Goodman, Noah D.},
  date = {2018-10-18},
  url = {http://arxiv.org/abs/1810.09538},
  urldate = {2019-10-14},
  archivePrefix = {arXiv},
  eprint = {1810.09538},
  eprinttype = {arxiv},
  primaryClass = {cs, stat}
}

@report{bolewski2015staged,
  title = {Staged Programming in {{Julia}}},
  author = {Bolewski, Jake},
  date = {2015-08-04},
  institution = {{JuliaCon 2015}},
  location = {{Boston}},
  url = {https://www.youtube.com/watch?v=KAN8zbM659o},
  urldate = {2019-10-09},
  langid = {english},
  type = {Presentation}
}

@article{carpenter2015stan,
  title = {The {{Stan Math Library}}: {{Reverse}}-{{Mode Automatic Differentiation}} in {{C}}++},
  shorttitle = {The {{Stan Math Library}}},
  author = {Carpenter, Bob and Hoffman, Matthew D. and Brubaker, Marcus and Lee, Daniel and Li, Peter and Betancourt, Michael},
  date = {2015-09-23},
  url = {http://arxiv.org/abs/1509.07164},
  urldate = {2020-03-26},
  archivePrefix = {arXiv},
  eprint = {1509.07164},
  eprinttype = {arxiv},
  primaryClass = {cs}
}

@report{cohen2016automatic,
  title = {Automatic {{Reverse}}-{{Mode Differentiation}}: {{Lecture Notes}}},
  author = {Cohen, William W},
  date = {2016},
  pages = {12},
  langid = {english}
}

@article{dahlin2015getting,
  title = {Getting {{Started}} with {{Particle Metropolis}}-{{Hastings}} for {{Inference}} in {{Nonlinear Dynamical Models}}},
  author = {Dahlin, Johan and Schön, Thomas B.},
  date = {2015-11-05},
  url = {http://arxiv.org/abs/1511.01707},
  urldate = {2019-04-06},
  archivePrefix = {arXiv},
  eprint = {1511.01707},
  eprinttype = {arxiv},
  langid = {english},
  primaryClass = {q-fin, stat}
}

@inproceedings{dauwels2005steepest,
  title = {Steepest Descent as Message Passing},
  author = {Dauwels, Justin and Korl, Sascha and Loeliger, Hans-Andrea},
  date = {2005},
  location = {{Rotorua}},
  doi = {10.1109/ITW.2005.1531853},
  url = {http://ieeexplore.ieee.org/document/1531853/},
  urldate = {2019-10-03},
  eventtitle = {{{IEEE Information Theory Workshop}}},
  langid = {english}
}

@article{elliott2018simple,
  title = {The Simple Essence of Automatic Differentiation},
  author = {Elliott, Conal},
  date = {2018-04-02},
  url = {http://arxiv.org/abs/1804.00746},
  urldate = {2019-03-19},
  archivePrefix = {arXiv},
  eprint = {1804.00746},
  eprinttype = {arxiv},
  primaryClass = {cs}
}

@inproceedings{ge2018turing,
  title = {Turing: {{A Language}} for {{Flexible Probabilistic Inference}}},
  shorttitle = {Turing},
  booktitle = {International {{Conference}} on {{Artificial Intelligence}} and {{Statistics}}},
  author = {Ge, Hong and Xu, Kai and Ghahramani, Zoubin},
  date = {2018-03-31},
  pages = {1682--1690},
  url = {http://proceedings.mlr.press/v84/ge18b.html},
  urldate = {2019-03-01},
  eventtitle = {International {{Conference}} on {{Artificial Intelligence}} and {{Statistics}}},
  langid = {english}
}

@article{geweke2004getting,
  title = {Getting {{It Right}}: {{Joint Distribution Tests}} of {{Posterior Simulators}}},
  shorttitle = {Getting {{It Right}}},
  author = {Geweke, John},
  date = {2004-09},
  journaltitle = {Journal of the American Statistical Association},
  volume = {99},
  pages = {799--804},
  issn = {0162-1459, 1537-274X},
  doi = {10.1198/016214504000001132},
  url = {http://www.tandfonline.com/doi/abs/10.1198/016214504000001132},
  urldate = {2020-02-10},
  langid = {english},
  number = {467}
}

@unpublished{ghahramani2005nonparametric,
  title = {Non-Parametric {{Bayesian Methods}}},
  author = {Ghahramani, Zoubin},
  date = {2005-07},
  url = {http://mlg.eng.cam.ac.uk/zoubin/talks/uai05tutorial-b.pdf},
  eventtitle = {Uncertainty in {{Artificial Intelligence Tutorial}}},
  langid = {english}
}

@article{gilesextended,
  title = {An Extended Collection of Matrix Derivative Results for Forward and Reverse Mode Algorithmic Differentiation},
  author = {Giles, Mike},
  pages = {23},
  langid = {english}
}

@article{goodman2012church,
  title = {Church: A Language for Generative Models},
  shorttitle = {Church},
  author = {Goodman, Noah D. and Mansinghka, Vikash and Roy, Daniel M. and Bonawitz, Keith and Tenenbaum, Joshua B.},
  date = {2012-06-13},
  url = {http://arxiv.org/abs/1206.3255},
  urldate = {2019-03-22},
  archivePrefix = {arXiv},
  eprint = {1206.3255},
  eprinttype = {arxiv},
  primaryClass = {cs}
}

@online{goodman2014design,
  title = {The {{Design}} and {{Implementation}} of {{Probabilistic Programming Languages}}},
  author = {Goodman, Noah D. and Stuhlmüller, Andreas},
  date = {2014},
  url = {http://dippl.org},
  urldate = {2019-10-15}
}

@book{griewank2008evaluating,
  title = {Evaluating Derivatives: Principles and Techniques of Algorithmic Differentiation},
  shorttitle = {Evaluating Derivatives},
  author = {Griewank, Andreas and Walther, Andrea},
  date = {2008},
  edition = {2},
  publisher = {{Society for Industrial and Applied Mathematics}},
  location = {{Philadelphia}},
  langid = {english},
  pagetotal = {438}
}

@article{grosse2014testing,
  title = {Testing {{MCMC}} Code},
  author = {Grosse, Roger B. and Duvenaud, David K.},
  date = {2014-12-16},
  url = {http://arxiv.org/abs/1412.5218},
  urldate = {2020-02-14},
  archivePrefix = {arXiv},
  eprint = {1412.5218},
  eprinttype = {arxiv},
  primaryClass = {cs, stat}
}

@article{heunen2017convenient,
  title = {A {{Convenient Category}} for {{Higher}}-{{Order Probability Theory}}},
  author = {Heunen, Chris and Kammar, Ohad and Staton, Sam and Yang, Hongseok},
  date = {2017-01-10},
  url = {http://arxiv.org/abs/1701.02547},
  urldate = {2019-03-14},
  archivePrefix = {arXiv},
  eprint = {1701.02547},
  eprinttype = {arxiv},
  langid = {english},
  primaryClass = {cs, math}
}

@book{hjort2010bayesian,
  title = {Bayesian Nonparametrics},
  author = {Hjort, Nils Lid and Holmes, Chris and Müller, Peter and Walker, Stephen G.},
  date = {2010},
  publisher = {{Cambridge University Press}},
  location = {{Cambridge}},
  number = {28},
  series = {Cambridge {{Series}} in {{Statistical}} and {{Probabilistic Mathematics}}}
}

@article{hoffman2018autoconj,
  title = {Autoconj: {{Recognizing}} and {{Exploiting Conjugacy Without}} a {{Domain}}-{{Specific Language}}},
  shorttitle = {Autoconj},
  author = {Hoffman, Matthew D. and Johnson, Matthew J. and Tran, Dustin},
  date = {2018-11-28},
  url = {http://arxiv.org/abs/1811.11926},
  urldate = {2019-10-09},
  archivePrefix = {arXiv},
  eprint = {1811.11926},
  eprinttype = {arxiv},
  primaryClass = {cs, stat}
}

@online{homea,
  title = {Home · {{Zygote}}},
  url = {http://fluxml.ai/Zygote.jl/latest/},
  urldate = {2019-04-30}
}

@unpublished{hong2018graph,
  title = {Graph {{Program Extraction}} and {{Device Partitioning}} in {{Swift}} for {{TensorFLow}}},
  shorttitle = {2018 {{LLVM Developers}}' {{Meeting}}},
  author = {Hong, M. and Lattner, C.},
  date = {2018},
  url = {https://www.youtube.com/watch?v=HSneJdPkaKk},
  urldate = {2019-05-01},
  eventtitle = {2018 {{LLVM Developers}}' {{Meeting}}}
}

@article{innes2018don,
  title = {Don't {{Unroll Adjoint}}: {{Differentiating SSA}}-{{Form Programs}}},
  shorttitle = {Don't {{Unroll Adjoint}}},
  author = {Innes, Michael J.},
  date = {2018-10-18},
  url = {http://arxiv.org/abs/1810.07951},
  urldate = {2019-04-26},
  archivePrefix = {arXiv},
  eprint = {1810.07951},
  eprinttype = {arxiv},
  primaryClass = {cs}
}

@article{innes2018flux,
  title = {Flux: {{Elegant}} Machine Learning with {{Julia}}},
  author = {Innes, Mike},
  date = {2018},
  journaltitle = {Journal of Open Source Software},
  doi = {10.21105/joss.00602}
}

@article{innes2019differentiable,
  title = {A {{Differentiable Programming System}} to {{Bridge Machine Learning}} and {{Scientific Computing}}},
  author = {Innes, Mike and Edelman, Alan and Fischer, Keno and Rackauckas, Chris and Saba, Elliot and Shah, Viral B. and Tebbutt, Will},
  date = {2019-07-17},
  url = {http://arxiv.org/abs/1907.07587},
  urldate = {2019-08-09},
  archivePrefix = {arXiv},
  eprint = {1907.07587},
  eprinttype = {arxiv},
  primaryClass = {cs}
}

@software{innes2019mikeinnes,
  title = {{{MikeInnes}}/Diff-Zoo},
  author = {Innes, Mike J.},
  date = {2019-11-22T13:20:43Z},
  origdate = {2018-11-01T15:04:59Z},
  url = {https://github.com/MikeInnes/diff-zoo},
  urldate = {2019-11-23}
}

@software{invenia2019,
  title = {Invenia/{{Nabla}}.Jl},
  date = {2019-08-21T20:24:20Z},
  origdate = {2017-03-23T15:44:42Z},
  url = {https://github.com/invenia/Nabla.jl},
  urldate = {2019-10-11},
  organization = {{Invenia Technical Computing}}
}

@article{jordan1999introduction,
  title = {An Introduction to Variational Methods for Graphical Models},
  author = {Jordan, Michael I. and Ghahramani, Zoubin and Jaakkola, Tommi S. and Saul, Lawrence K.},
  date = {1999},
  journaltitle = {Machine learning},
  volume = {37},
  pages = {183--233},
  doi = {10.1023/A:1007665907178},
  number = {2}
}

@online{juliaproject2019julia,
  title = {Julia 1.2 {{Documentation}}},
  author = {{Julia Project}},
  date = {2019-08-20},
  url = {https://docs.julialang.org/en/v1.2/index.html},
  urldate = {2019-10-09}
}

@book{koller2009probabilistic,
  ids = {koller2009probabilistic},
  title = {Probabilistic Graphical Models: Principles and Techniques},
  shorttitle = {Probabilistic Graphical Models},
  author = {Koller, Daphne and Friedman, Nir},
  date = {2009},
  publisher = {{MIT Press}},
  location = {{Cambridge}},
  langid = {english},
  pagetotal = {1231},
  series = {Adaptive Computation and Machine Learning}
}

@inproceedings{kulkarni2015picture,
  title = {Picture: {{A Probabilistic Programming Language}} for {{Scene Perception}}},
  shorttitle = {Picture},
  author = {Kulkarni, Tejas D. and Kohli, Pushmeet and Tenenbaum, Joshua B. and Mansinghka, Vikash},
  date = {2015},
  pages = {4390--4399},
  url = {http://openaccess.thecvf.com/content_cvpr_2015/html/Kulkarni_Picture_A_Probabilistic_2015_CVPR_paper.html},
  urldate = {2019-03-22},
  eventtitle = {Proceedings of the {{IEEE Conference}} on {{Computer Vision}} and {{Pattern Recognition}}}
}

@article{laue2019equivalence,
  title = {On the {{Equivalence}} of {{Forward Mode Automatic Differentiation}} and {{Symbolic Differentiation}}},
  author = {Laue, Soeren},
  date = {2019-05-03},
  url = {http://arxiv.org/abs/1904.02990},
  urldate = {2019-10-24},
  archivePrefix = {arXiv},
  eprint = {1904.02990},
  eprinttype = {arxiv},
  langid = {english},
  primaryClass = {cs}
}

@article{lew2020trace,
  title = {Trace Types and Denotational Semantics for Sound Programmable Inference in Probabilistic Languages},
  author = {Lew, Alexander K. and Cusumano-Towner, Marco F. and Sherman, Benjamin and Carbin, Michael and Mansinghka, Vikash K.},
  date = {2020-01},
  journaltitle = {Proceedings of the ACM on Programming Languages},
  volume = {4},
  pages = {1--32},
  issn = {2475-1421, 2475-1421},
  doi = {10.1145/3371087},
  url = {https://dl.acm.org/doi/10.1145/3371087},
  urldate = {2020-04-21},
  issue = {POPL},
  langid = {english}
}

@online{llvmproject2019llvm,
  title = {{{LLVM Language Reference Manual}}},
  author = {{LLVM Project}},
  date = {2019-10-09},
  url = {https://llvm.org/docs/LangRef.html}
}

@article{looks2017deep,
  title = {Deep {{Learning}} with {{Dynamic Computation Graphs}}},
  author = {Looks, Moshe and Herreshoff, Marcello and Hutchins, DeLesley and Norvig, Peter},
  date = {2017-02-07},
  url = {http://arxiv.org/abs/1702.02181},
  urldate = {2019-03-18},
  archivePrefix = {arXiv},
  eprint = {1702.02181},
  eprinttype = {arxiv},
  primaryClass = {cs, stat}
}

@article{lunn2000winbugs,
  title = {{{WinBUGS}} - {{A Bayesian}} Modelling Framework: {{Concepts}}, Structure, and Extensibility},
  author = {Lunn, David J. and Thomas, Andrew and Best, Nicky and Spiegelhalter, David},
  date = {2000},
  journaltitle = {Statistics and Computing},
  volume = {10},
  pages = {325--337},
  doi = {10.1023/A:1008929526011},
  langid = {english}
}

@online{luo2018implement,
  title = {Implement {{Your Own Automatic Differentiation}} with {{Julia}} in {{ONE}} Day},
  author = {Luo, Roger},
  date = {2018-10-23},
  journaltitle = {Half Integer},
  url = {http://rogerluo.me/blog/2018/10/23/write-an-ad-in-one-day/index.html},
  urldate = {2019-12-30}
}

@online{luo2019implement,
  title = {Implement {{Your Own Source To Source AD}} in {{ONE}} Day!},
  author = {Luo, Roger},
  date = {2019-07-31},
  journaltitle = {Half Integer},
  url = {http://rogerluo.me/blog/2019/07/27/yassad/index.html},
  urldate = {2019-12-30}
}

@article{mansinghka2014venture,
  title = {Venture: A Higher-Order Probabilistic Programming Platform with Programmable Inference},
  shorttitle = {Venture},
  author = {Mansinghka, Vikash and Selsam, Daniel and Perov, Yura},
  date = {2014-03-31},
  url = {http://arxiv.org/abs/1404.0099},
  urldate = {2019-09-09},
  archivePrefix = {arXiv},
  eprint = {1404.0099},
  eprinttype = {arxiv},
  primaryClass = {cs, stat}
}

@software{mauro2019simple,
  title = {Simple {{Traits}} for {{Julia}}. {{Contribute}} to Mauro3/{{SimpleTraits}}.Jl Development by Creating an Account on {{GitHub}}},
  author = {Mauro},
  date = {2019-05-23T14:55:04Z},
  origdate = {2015-06-12T20:41:40Z},
  url = {https://github.com/mauro3/SimpleTraits.jl},
  urldate = {2019-05-28}
}

@inproceedings{minka2001expectation,
  title = {Expectation {{Propagation}} for {{Approximate Bayesian Inference}}},
  booktitle = {{{UAI}}'01: {{Proceedings}} of the {{Seventeenth}} Conference on {{Uncertainty}} in Artificial Intelligence},
  author = {Minka, Thomas P.},
  date = {2001},
  location = {{Seattle}},
  langid = {english}
}

@report{minka2005divergence,
  title = {Divergence {{Measures}} and {{Message Passing}}},
  author = {Minka, Thomas},
  date = {2005},
  institution = {{Microsoft Research}},
  url = {https://www.microsoft.com/en-us/research/publication/divergence-measures-and-message-passing/},
  urldate = {2019-10-09},
  langid = {american},
  number = {MSR-TR-2005-173},
  type = {Technical Report}
}

@online{minka2018infer,
  title = {Infer.{{NET}} 0.3},
  author = {Minka, Tom and Winn, John and Guiver, John and Zaykov, Yordan and Fabian, Dany and Bronskill, John},
  date = {2018},
  url = {http://dotnet.github.io/infer},
  urldate = {2019-10-14}
}

@report{minka2019automatic,
  title = {From Automatic Differentiation to Message Passing},
  author = {Minka, Tom},
  date = {2019-06-07},
  location = {{Advances and challenges in Machine Learning Languages workshop}},
  url = {https://www.microsoft.com/en-us/research/video/from-automatic-differentiation-to-message-passing/},
  urldate = {2019-09-03},
  langid = {american},
  type = {Presentation}
}

@book{muchnick1997advanced,
  title = {Advanced Compiler Design and Implementation},
  author = {Muchnick, Steven S.},
  date = {1997},
  publisher = {{Morgan Kaufmann}},
  location = {{San Francisco}},
  langid = {english},
  pagetotal = {856}
}

@article{murray2017delayed,
  title = {Delayed {{Sampling}} and {{Automatic Rao}}-{{Blackwellization}} of {{Probabilistic Programs}}},
  author = {Murray, Lawrence M. and Lundén, Daniel and Kudlicka, Jan and Broman, David and Schön, Thomas B.},
  date = {2017-08-25},
  url = {http://arxiv.org/abs/1708.07787},
  urldate = {2019-10-09},
  archivePrefix = {arXiv},
  eprint = {1708.07787},
  eprinttype = {arxiv},
  primaryClass = {stat}
}

@article{narayanansymbolic,
  title = {Symbolic Disintegration with a Variety of Base Measures},
  author = {Narayanan, Praveen and Shan, Chung-chieh},
  volume = {1},
  pages = {52},
  url = {http://homes.soic.indiana.edu/ccshan/rational/disint2arg.pdf},
  langid = {english},
  number = {1}
}

@article{neubig2017dynet,
  title = {{{DyNet}}: {{The Dynamic Neural Network Toolkit}}},
  shorttitle = {{{DyNet}}},
  author = {Neubig, Graham and Dyer, Chris and Goldberg, Yoav and Matthews, Austin and Ammar, Waleed and Anastasopoulos, Antonios and Ballesteros, Miguel and Chiang, David and Clothiaux, Daniel and Cohn, Trevor and Duh, Kevin and Faruqui, Manaal and Gan, Cynthia and Garrette, Dan and Ji, Yangfeng and Kong, Lingpeng and Kuncoro, Adhiguna and Kumar, Gaurav and Malaviya, Chaitanya and Michel, Paul and Oda, Yusuke and Richardson, Matthew and Saphra, Naomi and Swayamdipta, Swabha and Yin, Pengcheng},
  date = {2017-01-14},
  url = {http://arxiv.org/abs/1701.03980},
  urldate = {2019-03-08},
  archivePrefix = {arXiv},
  eprint = {1701.03980},
  eprinttype = {arxiv},
  langid = {english},
  primaryClass = {cs, stat}
}

@online{openppl,
  title = {{{OpenPPL}}: {{A Proposal}} for {{Probabilistic Programming}} in {{Julia}}},
  url = {https://openpp-proposal.readthedocs.io/en/latest/index.html},
  urldate = {2019-03-01}
}

@report{orbanz2014lecture,
  title = {Lecture {{Notes}} on {{Bayesian Nonparametrics}}},
  author = {Orbanz, Peter},
  date = {2014},
  pages = {108},
  institution = {{Columbia University}},
  langid = {english}
}

@inproceedings{paszke2017automatic,
  title = {Automatic Differentiation in {{PyTorch}}},
  author = {Paszke, Adam and Gross, Sam and Chintala, Soumith and Chanan, Gregory and Yang, Edward and DeVito, Zachary and Lin, Zeming and Desmaison, Alban and Antiga, Luca and Lerer, Adam},
  date = {2017},
  eventtitle = {{{NIPS}} 2017 {{Workshop Autodiff}}},
  langid = {english}
}

@article{pearlmutter2008reversemode,
  ids = {pearlmutterreversemode},
  title = {Reverse-{{Mode AD}} in a {{Functional Framework}}: {{Lambda}} the {{Ultimate Backpropagator}}},
  author = {Pearlmutter, Barak A. and Siskind, Jeffrey Mark},
  date = {2008-03},
  journaltitle = {ACM Trans. Program. Lang. Syst.},
  volume = {30},
  pages = {7:1-7:36},
  doi = {10.1145/1330017.1330018},
  url = {http://doi.acm.org/10.1145/1330017.1330018},
  number = {2}
}

@unpublished{peytonjones2019automatic,
  title = {Automatic Differentiation for Dummies},
  author = {Peyton Jones, Simon},
  date = {2019-01-22},
  url = {https://tube.switch.ch/cast/videos/c56685cb-9eca-4db8-b071-eb9a97ecbc3d},
  urldate = {2019-03-19},
  eventtitle = {{{IC Colloquium}}},
  venue = {{EPFL}}
}

@inproceedings{plummer2003jags,
  title = {{{JAGS}}: {{A Program}} for {{Analysis}} of {{Bayesian Graphical Models Using Gibbs Sampling}}},
  booktitle = {Proceedings of the 3rd {{International Workshop}} on {{Distributed Statistical Computing}} ({{DSC}} 2003)},
  author = {Plummer, Martyn},
  date = {2003},
  location = {{Vienna}},
  langid = {english}
}

@online{radul2013introduction,
  title = {Introduction to {{Automatic Differentiation}}},
  author = {Radul, Alexey},
  date = {2013},
  journaltitle = {Conversations},
  url = {https://alexey.radul.name/ideas/2013/introduction-to-automatic-differentiation/}
}

@article{ramsey2002stochastic,
  title = {Stochastic {{Lambda Calculus}} and {{Monads}} of {{Probability Distributions}}},
  author = {Ramsey, Norman and Pfeffer, Avi},
  date = {2002-01},
  journaltitle = {SIGPLAN Not.},
  volume = {37},
  pages = {154--165},
  issn = {0362-1340},
  doi = {10.1145/565816.503288},
  url = {http://doi.acm.org/10.1145/565816.503288},
  langid = {english},
  number = {1}
}

@article{revels2018dynamic,
  title = {Dynamic {{Automatic Differentiation}} of {{GPU Broadcast Kernels}}},
  author = {Revels, Jarrett and Besard, Tim and Churavy, Valentin and De Sutter, Bjorn and Vielma, Juan Pablo},
  date = {2018-10-18},
  url = {http://arxiv.org/abs/1810.08297},
  urldate = {2019-05-17},
  archivePrefix = {arXiv},
  eprint = {1810.08297},
  eprinttype = {arxiv},
  langid = {english},
  primaryClass = {cs}
}

@article{rompf2010lightweight,
  ids = {rompflightweight},
  title = {Lightweight Modular Staging: {{A}} Pragmatic Approach to Runtime Code Generation and Compiled {{DSLs}}},
  author = {Rompf, Tiark and Odersky, Martin},
  date = {2010-10},
  journaltitle = {ACM SIGPLAN Notices},
  volume = {46},
  doi = {10.1145/1868294.1868314}
}

@online{ruffwind2016reversemode,
  title = {Reverse-Mode Automatic Differentiation: A Tutorial},
  author = {Ruffwind, Phil},
  date = {2016-12-30},
  journaltitle = {Rufflewind's Scratchpad},
  url = {https://rufflewind.com/2016-12-30/reverse-mode-automatic-differentiation},
  urldate = {2019-04-20}
}

@thesis{ruozzi2011message,
  title = {Message {{Passing Algorithms}} for {{Optimization}}},
  author = {Ruozzi, Nicholas Robert},
  date = {2011},
  institution = {{Yale University}},
  langid = {english},
  type = {Dissertation}
}

@inproceedings{socher2011parsing,
  title = {Parsing {{Natural Scenes}} and {{Natural Language}} with {{Recursive Neural Networks}}},
  booktitle = {Proceedings of the 28th International Conference on International Conference on Machine Learning},
  author = {Socher, Richard and Lin, Cliff Chiung-Yu and Ng, Andrew Y. and Manning, Christopher D.},
  date = {2011},
  pages = {129--136},
  publisher = {{Omnipress}},
  location = {{USA}},
  url = {http://dl.acm.org/citation.cfm?id=3104482.3104499},
  series = {{{ICML}}'11}
}

@book{static,
  title = {Static {{Single Assignment Book}}}
}

@software{swift2019,
  title = {Swift for {{TensorFlow}}},
  date = {2019-04-30T12:52:45Z},
  origdate = {2018-04-24T19:18:14Z},
  url = {https://github.com/tensorflow/swift},
  urldate = {2019-04-30},
  organization = {{tensorflow}}
}

@online{tapenadedevelopers2019tapenade,
  title = {The {{Tapenade A}}.{{D}}. Engine},
  author = {{Tapenade developers}},
  date = {2019-03-05},
  url = {https://www-sop.inria.fr/tropics/tapenade.html},
  urldate = {2019-10-09}
}

@inproceedings{tokui2015chainer,
  title = {Chainer: A {{Next}}-{{Generation Open Source Framework}} for {{Deep Learning}}},
  booktitle = {Proceedings of Workshop on Machine Learning Systems ({{LearningSys}}) in the Twenty-Ninth Annual Conference on Neural Information Processing Systems ({{NIPS}})},
  author = {Tokui, Seiya and Oono, Kenta and Hido, Shohei and Clayton, Justin},
  date = {2015},
  url = {http://learningsys.org/papers/LearningSys_2015_paper_33.pdf}
}

@article{tolpin2020stochastically,
  title = {Stochastically {{Differentiable Probabilistic Programs}}},
  author = {Tolpin, David and Zhou, Yuan and Yang, Hongseok},
  date = {2020-03-05},
  url = {http://arxiv.org/abs/2003.00704},
  urldate = {2020-03-09},
  archivePrefix = {arXiv},
  eprint = {2003.00704},
  eprinttype = {arxiv},
  primaryClass = {cs, stat}
}

@article{vandemeent2018introduction,
  title = {An {{Introduction}} to {{Probabilistic Programming}}},
  author = {van de Meent, Jan-Willem and Paige, Brooks and Yang, Hongseok and Wood, Frank},
  date = {2018-09-27},
  url = {http://arxiv.org/abs/1809.10756},
  urldate = {2019-03-08},
  archivePrefix = {arXiv},
  eprint = {1809.10756},
  eprinttype = {arxiv},
  langid = {english},
  options = {useprefix=true},
  primaryClass = {cs, stat}
}

@article{vanmerrienboer2018automatic,
  title = {Automatic Differentiation in {{ML}}: {{Where}} We Are and Where We Should Be Going},
  shorttitle = {Automatic Differentiation in {{ML}}},
  author = {van Merriënboer, Bart and Breuleux, Olivier and Bergeron, Arnaud and Lamblin, Pascal},
  date = {2018-10-26},
  url = {http://arxiv.org/abs/1810.11530},
  urldate = {2019-10-10},
  archivePrefix = {arXiv},
  eprint = {1810.11530},
  eprinttype = {arxiv},
  options = {useprefix=true},
  primaryClass = {cs, stat}
}

@report{vihola2020lectures,
  title = {Lectures on Stochastic Simulation},
  author = {Vihola, Matti},
  date = {2020},
  location = {{University of Jyväskylä}},
  url = {http://users.jyu.fi/~mvihola/stochsim/},
  langid = {english}
}

@article{vytiniotis2019differentiable,
  title = {The {{Differentiable Curry}}},
  author = {Vytiniotis, Dimitrios and Belov, Dan and Wei, Richard and Plotkin, Gordon and Abadi, Martin},
  date = {2019-09-20},
  url = {https://openreview.net/forum?id=ryxuz9SzDB},
  urldate = {2019-11-05}
}

@article{wainwright2007graphical,
  title = {Graphical {{Models}}, {{Exponential Families}}, and {{Variational Inference}}},
  author = {Wainwright, Martin J. and Jordan, Michael I.},
  date = {2007},
  journaltitle = {Foundations and Trends in Machine Learning},
  volume = {1},
  pages = {1--305},
  doi = {10.1561/2200000001},
  url = {http://www.nowpublishers.com/article/Details/MAL-001},
  urldate = {2019-10-09},
  langid = {english},
  number = {1–2}
}

@article{wang2019demystifyinga,
  title = {Demystifying {{Differentiable Programming}}: {{Shift}}/{{Reset}} the {{Penultimate Backpropagator}}},
  shorttitle = {Demystifying {{Differentiable Programming}}},
  author = {Wang, Fei and Zheng, Daniel and Decker, James and Wu, Xilun and Essertel, Grégory M. and Rompf, Tiark},
  date = {2019-08-28},
  url = {http://arxiv.org/abs/1803.10228},
  urldate = {2020-02-17},
  archivePrefix = {arXiv},
  eprint = {1803.10228},
  eprinttype = {arxiv},
  primaryClass = {cs, stat}
}

@inproceedings{wigren2019parameter,
  title = {Parameter Elimination in Particle {{Gibbs}} Sampling},
  booktitle = {Advances in {{Neural Information Processing Systems}}},
  author = {Wigren, Anna and Risuleo, Riccardo Sven and Murray, Lawrence and Lindsten, Fredrik},
  date = {2019}
}

@article{winn2005variational,
  title = {Variational {{Message Passing}}},
  author = {Winn, John and Bishop, Christopher M.},
  date = {2005},
  journaltitle = {Journal of Machine Learning Research},
  volume = {6},
  pages = {661--694},
  langid = {english}
}

@online{winn2019modelbased,
  title = {Model-{{Based Machine Learning}} ({{Early Access}})},
  author = {Winn, John and Bishop, Christopher M. and Diethe, Thomas and Guiver, John and Zaykov, Yordan},
  date = {2019},
  url = {http://mbmlbook.com/index.html},
  urldate = {2019-09-03}
}

@article{wood2015new,
  title = {A {{New Approach}} to {{Probabilistic Programming Inference}}},
  author = {Wood, Frank and van de Meent, Jan Willem and Mansinghka, Vikash},
  date = {2015-07-03},
  url = {http://arxiv.org/abs/1507.00996},
  urldate = {2019-10-15},
  archivePrefix = {arXiv},
  eprint = {1507.00996},
  eprinttype = {arxiv},
  options = {useprefix=true},
  primaryClass = {cs, stat}
}

@thesis{wright2019algebraic,
  title = {An Algebraic Perspective on Computing with Data},
  author = {Wright, William},
  date = {2019},
  institution = {{Pensylvania State University}},
  langid = {english},
  type = {PhD Thesis}
}

@inproceedings{yuret2016knet,
  title = {Knet: Beginning Deep Learning with 100 Lines of {{Julia}}},
  booktitle = {Machine Learning Systems Workshop at {{NIPS}}},
  author = {Yuret, Deniz},
  date = {2016}
}


